@inproceedings{1,
 title = {Levensverwachting; geslacht, leeftijd (per jaar en periode van vijf jaren},
 publisher = {CBS},
 year = {2016},
} 

@inproceedings{2,
 title = {Rapporteren in de zorg},
 publisher = {BTSG bibliotheek},
 year = {2017},
} 

@inproceedings{3,
 title = {Benchmark Zorg},
 publisher = {ActiZ},
 year = {2016},
} 

@inproceedings{4,
 title = { ‘Mobile future in focus’},
 publisher = {comScore},
 year = {2013},
} 

@inproceedings{5,
 title = {"Typing speeds"},
 publisher = {BTSG bibliotheek},
 url = {http://www.learn2type.com/typingtest/typingspeed.cfm},
} 

@inproceedings{6,
 author = {J. R. Williams},
 title = {Guidelines for the use of multimedia in instruction}, 
 booktitle = { Proceedings of the Human Factors and Ergonomics Society},
 series = {42nd Annual Meeting},
 year = {1998},
} 
